[gd_scene load_steps=6 format=2]

[ext_resource path="res://resources/roboto_mono_64.tres" type="DynamicFont" id=1]
[ext_resource path="res://resources/roboto_mono_32.tres" type="DynamicFont" id=2]
[ext_resource path="res://resources/GameOver.gd" type="Script" id=3]
[ext_resource path="res://resources/you_lose.mp3" type="AudioStream" id=4]

[sub_resource type="StyleBoxFlat" id=1]
bg_color = Color( 0.0862745, 0.0862745, 0.0862745, 1 )

[node name="GameOverScreen" type="CanvasLayer"]
script = ExtResource( 3 )

[node name="PanelContainer" type="PanelContainer" parent="."]
anchor_right = 1.0
anchor_bottom = 1.0
custom_styles/panel = SubResource( 1 )
__meta__ = {
"_edit_use_anchors_": false
}

[node name="MarginContainer" type="MarginContainer" parent="PanelContainer"]
margin_right = 1024.0
margin_bottom = 600.0
custom_constants/margin_right = 40
custom_constants/margin_top = 40
custom_constants/margin_left = 40
custom_constants/margin_bottom = 40
__meta__ = {
"_edit_use_anchors_": false
}

[node name="Rows" type="VBoxContainer" parent="PanelContainer/MarginContainer"]
margin_left = 40.0
margin_top = 40.0
margin_right = 984.0
margin_bottom = 560.0
custom_constants/separation = 60

[node name="Title" type="Label" parent="PanelContainer/MarginContainer/Rows"]
margin_right = 944.0
margin_bottom = 90.0
rect_min_size = Vector2( 0, 90 )
custom_fonts/font = ExtResource( 1 )
text = "Game Over"
align = 1
valign = 1

[node name="CenterContainer" type="CenterContainer" parent="PanelContainer/MarginContainer/Rows"]
margin_top = 150.0
margin_right = 944.0
margin_bottom = 268.0

[node name="Buttons" type="VBoxContainer" parent="PanelContainer/MarginContainer/Rows/CenterContainer"]
margin_left = 380.0
margin_right = 563.0
margin_bottom = 118.0
custom_constants/separation = 20

[node name="Restart" type="Button" parent="PanelContainer/MarginContainer/Rows/CenterContainer/Buttons"]
margin_right = 183.0
margin_bottom = 49.0
custom_fonts/font = ExtResource( 2 )
text = " RESTART "

[node name="Quit" type="Button" parent="PanelContainer/MarginContainer/Rows/CenterContainer/Buttons"]
margin_top = 69.0
margin_right = 183.0
margin_bottom = 118.0
custom_fonts/font = ExtResource( 2 )
text = "QUIT"

[node name="AudioStreamPlayer2D" type="AudioStreamPlayer2D" parent="."]
stream = ExtResource( 4 )
volume_db = 0.021
autoplay = true

[connection signal="pressed" from="PanelContainer/MarginContainer/Rows/CenterContainer/Buttons/Restart" to="." method="_on_Restart_pressed"]
[connection signal="pressed" from="PanelContainer/MarginContainer/Rows/CenterContainer/Buttons/Quit" to="." method="_on_Quit_pressed"]
